@techreport{newman2025digitalnews,
    author = {Newman, Nic and Arguedas, Amy Ross and Robertson, Craig T. and Nielsen, Rasmus Kleis and Fletcher, Richard},
    title = {Digital News Report 2025},
    institution = {Reuters Institute for the Study of Journalism, University of Oxford},
    year = {2025},
    type = {Report},
    url = {https://reutersinstitute.politics.ox.ac.uk/sites/default/files/2025-06/Digital_News-Report_2025.pdf}
} 

@techreport{mcclain2024pew,
  author       = {McClain, Colleen and Anderson, Monica and Gelles-Watnick, Risa},
  title        = {How {A}mericans Navigate Politics on {T}ik{T}ok, {X}, {F}acebook and {I}nstagram},
  institution  = {Pew Research Center},
  year         = {2024},
  type         = {Report},
  url          = {https://www.pewresearch.org/internet/2024/06/12/how-americans-navigate-politics-on-tiktok-x-facebook-and-instagram/}
}


@article{aridor2024,
    journal={Journal of Economic Literature},
    author={Guy Aridor and Rafael Jim\'{e}nez-Dur\'{a}n and Ro'ee Levy and Lena Song},
    title={The Economics of Social Media},
    year={2024},
    pages={1422-1474},
    volume={62},
    number={4}
}

@article{joseph2008email,
    title = {Investigating pricing solutions to combat spam: Postage stamp and bonded senders},
    author = {Kissan Joseph and Alex Thevaranjan},
    journal = {Journal of Interactive Marketing},
    volume = {22},
    number = {1},
    pages = {21-35},
    year = {2008},
}

@article{kerkhof2024youtube,
    author = {Kerkhof, Anna},
    title = {Advertising and Content Differentiation: Evidence from YouTube},
    journal = {The Economic Journal},
    volume = {134},
    number = {663},
    pages = {2912-2950},
    year = {2024},
}

@techreport{elkomboz2023youtube,
    author = {El-Komboz, Lena Abou and Kerkhof, Anna and Loh, Johannes},
    title = {Platform Partnership Programs and Content Supply: Evidence from the {Y}ouTube ``{A}dpocalypse''},
    year = {2023},
    type = {{CES}ifo Working Paper No. 10363}
}

@article{sun2013blogs,
    author = {Sun, Monic and Zhu, Feng},
    title = {Ad Revenue and Content Commercialization: Evidence from Blogs},
    journal = {Management Science},
    year = {2013},
    volume = {59},
    number = {10},
    pages = {2314-2331}
}

@article{tchernichovski2019pnas,
    author = {Ofer Tchernichovski and Parra, Lucas C. and Daniel Fimiarz and Arnon Lotem and Dalton Conley},
    title = {Crowd wisdom enhanced by costly signaling in a virtual rating system},
    journal = {Proceedings of the National Academy of Sciences},
    volume = {116},
    number = {15},
    pages = {7256-7265},
    year = {2019}
}

@article{chen2010google,
    author = {Chen, Yan and Ho, Teck-Hua and Kim, Yong-Mi},
    title = {Knowledge Market Design: A Field Experiment at {G}oogle {A}nswers},
    journal = {Journal of Public Economic Theory},
    volume = {12},
    number = {4},
    pages = {641-664},
    year = {2010}
}

@article{burtch2017ms,
    title = {Stimulating Online Reviews by Combining Financial Incentives and Social Norms},
    author = {Burtch, Gordon and Hong, Yili and Bapna, Ravi and Griskevicius, Vladas},
    year = {2017},
    journal = {Management Science},
    volume = {64},
    number = {5},
    pages = {2065-2082}
}

@article{azar2020tipping,
    Author = {Azar, Ofer H.},
    Title = {The Economics of Tipping},
    Journal = {Journal of Economic Perspectives},
    Volume = {34},
    Number = {2},
    Year = {2020},
    Pages = {215â€“36}
}

@article{andreoni1990warmglow,
    author = {Andreoni, James},
    title = {Impure Altruism and Donations to Public Goods: A Theory of Warm-Glow Giving},
    journal = {The Economic Journal},
    volume = {100},
    number = {401},
    pages = {464-477},
    year = {1990}
}

@article{crumpler2008warmglow,
    title = {An experimental test of warm glow giving},
    journal = {Journal of Public Economics},
    year = {2008},
    volume = {92},
    number = {5},
    pages = {1011-1021},
    author = {Heidi Crumpler and Grossman, Philip J.}
}

@article{mak2015pay,
    title = {``{P}ay what you want'' as threshold public good provision},
    journal = {Organizational Behavior and Human Decision Processes},
    volume = {127},
    pages = {30-43},
    year = {2015},
    author = {Vincent Mak and Rami Zwick and Akshay R. Rao and Jake A. Pattaratanakun}
}